<?xml version="1.0" encoding="UTF-8"?><record xmlns="http://www.loc.gov/MARC21/slim" xmlns:cinclude="http://apache.org/cocoon/include/1.0" xmlns:zs="http://www.loc.gov/zing/srw/">
  <leader>00528nz  a2200157n  4500</leader>
  <controlfield tag="001">no2006054029</controlfield>
  <controlfield tag="003">DLC</controlfield>
  <controlfield tag="005">20060525052018.0</controlfield>
  <controlfield tag="008">060522n| acannaabn          |a aaa     c</controlfield>
  <datafield tag="010" ind1=" " ind2=" ">
    <subfield code="a">no2006054029</subfield>
  </datafield>
  <datafield tag="035" ind1=" " ind2=" ">
    <subfield code="a">(OCoLC)oca06949314</subfield>
  </datafield>
  <datafield tag="040" ind1=" " ind2=" ">
    <subfield code="a">PSt</subfield>
    <subfield code="b">eng</subfield>
    <subfield code="c">PSt</subfield>
  </datafield>
  <datafield tag="100" ind1="1" ind2=" ">
    <subfield code="a">Day, Tim A.</subfield>
    <subfield code="q">(Timothy Allen)</subfield>
  </datafield>
  <datafield tag="400" ind1="1" ind2=" ">
    <subfield code="a">Day, Timothy Allen</subfield>
  </datafield>
  <datafield tag="670" ind1=" " ind2=" ">
    <subfield code="a">Parasite neuromusculature and its utility as a drug target, c2005:</subfield>
    <subfield code="b">t.p. (edited by ... Tim A. Day)</subfield>
  </datafield>
  <datafield tag="670" ind1=" " ind2=" ">
    <subfield code="a">OCLC, May 22, 2006</subfield>
    <subfield code="b">(hdg.: Day, Timothy Allen; usage: Timothy Allen Day)</subfield>
  </datafield>
</record>